@article{7061510,journal = "Transaction on IoT and Cloud Computing 2015",number = "2331-4761",pages = "11-17",title = "A Survey on Application Layer Protocols for the Internet of Things",volume = "3",year = "2015"}
@online{Treat2014,author = "Tyler Treat",organization = "Brave New Geek",title = "Dissecting Message Queues",url = "http://bravenewgeek.com/dissecting-message-queues/",urldate = "2015-10-07",year = "2014",month = "07",day = "07"}
@online{solaceappliances, author={Solace Systems}, url={http://www.solacesystems.com/products/message-router-appliances}, publisher={Solace Systems}, year={2015}, month={Jun}}
